<collection xmlns:xsi="http://www.w3.org/2001/XMLSchema-instance" xmlns="http://www.loc.gov/MARC21/slim" xsi:schemaLocation="http://www.loc.gov/MARC21/slim http://www.loc.gov/standards/marcxml/schema/MARC21slim.xsd">

<record>
  <leader>06776ckdaa2200829 a 4500</leader>
  <controlfield tag="001">3462372</controlfield>
  <controlfield tag="005">20100226103431.0</controlfield>
  <controlfield tag="008">890519s1917    xx ||| |||||||   1k|eng d</controlfield>
  <datafield tag="035" ind1=" " ind2=" ">
    <subfield code="a">(OCoLC)271453032</subfield>
  </datafield>
  <datafield tag="035" ind1=" " ind2=" ">
    <subfield code="a">(OCoLC)ocn271453032</subfield>
  </datafield>
  <datafield tag="035" ind1=" " ind2=" ">
    <subfield code="a">(CStRLIN)NYDA89-F629</subfield>
  </datafield>
  <datafield tag="035" ind1=" " ind2=" ">
    <subfield code="9">AAA2843AD</subfield>
  </datafield>
  <datafield tag="035" ind1=" " ind2=" ">
    <subfield code="a">(NNC)3462372</subfield>
  </datafield>
  <datafield tag="040" ind1=" " ind2=" ">
    <subfield code="a">NNC</subfield>
    <subfield code="c">NNC</subfield>
    <subfield code="e">gihc</subfield>
  </datafield>
  <datafield tag="043" ind1=" " ind2=" ">
    <subfield code="a">n-us-ca</subfield>
  </datafield>
  <datafield tag="110" ind1="2" ind2=" ">
    <subfield code="a">Greene &amp; Greene.</subfield>
  </datafield>
  <datafield tag="240" ind1="1" ind2="0">
    <subfield code="a">Howard F. Mundorff house (Fresno, Calif.)</subfield>
  </datafield>
  <datafield tag="245" ind1="1" ind2="0">
    <subfield code="a">Residence for Mrs. Howard F. Mundorff, Fresno, Cal.</subfield>
    <subfield code="h">[graphic] /</subfield>
    <subfield code="c">Greene &amp; Greene, Architects.</subfield>
  </datafield>
  <datafield tag="260" ind1=" " ind2=" ">
    <subfield code="c">[1917]</subfield>
  </datafield>
  <datafield tag="300" ind1=" " ind2=" ">
    <subfield code="a">27 drawings :</subfield>
    <subfield code="b">various media ;</subfield>
    <subfield code="c">91.6 x 94.3 cm. (36 1/8 x 37 1/8 in.) or smaller.</subfield>
  </datafield>
  <datafield tag="500" ind1=" " ind2=" ">
    <subfield code="a">Most of the drawings in this set are encapsulated in mylar.</subfield>
  </datafield>
  <datafield tag="500" ind1=" " ind2=" ">
    <subfield code="a">Bracketed title elements supplied by cataloger or taken from inventory.</subfield>
  </datafield>
  <datafield tag="500" ind1=" " ind2=" ">
    <subfield code="a">Forms part of the Greene &amp; Greene collection of architectural drawings ; job no. 372.</subfield>
  </datafield>
  <datafield tag="500" ind1=" " ind2=" ">
    <subfield code="a">Many of the drawings are damaged.</subfield>
  </datafield>
  <datafield tag="500" ind1=" " ind2=" ">
    <subfield code="a">Date from inventory.</subfield>
  </datafield>
  <datafield tag="500" ind1=" " ind2=" ">
    <subfield code="a">This set consists of 15 pencil drawings on tracing paper, 4 pencil and crayon drawings on tracing paper, 3 pencil and ink  drawings on tracing paper, 2 pencil drawings on tracing paper with crayon applied to the verso, 1 pencil drawing on paper, 1 pencil and watercolor wash drawing on tracing paper, and 1 pencil drawing on tracing paper with ink wash applied to the verso.</subfield>
  </datafield>
  <datafield tag="561" ind1=" " ind2=" ">
    <subfield code="a">Gift of Jean Murray Bangs (Mrs. Harwell Hamilton Harris), 1960; formerly the collection of Charles Sumner Greene.</subfield>
  </datafield>
  <datafield tag="650" ind1=" " ind2="7">
    <subfield code="a">Houses.</subfield>
    <subfield code="2">aat</subfield>
  </datafield>
  <datafield tag="655" ind1=" " ind2="7">
    <subfield code="a">Detail drawings.</subfield>
    <subfield code="2">aat</subfield>
  </datafield>
  <datafield tag="655" ind1=" " ind2="7">
    <subfield code="a">Renderings.</subfield>
    <subfield code="2">aat</subfield>
  </datafield>
  <datafield tag="655" ind1=" " ind2="7">
    <subfield code="a">Sketches.</subfield>
    <subfield code="2">aat</subfield>
  </datafield>
  <datafield tag="655" ind1=" " ind2="7">
    <subfield code="a">Architectural drawings</subfield>
    <subfield code="x">American.</subfield>
    <subfield code="2">aat</subfield>
  </datafield>
  <datafield tag="655" ind1=" " ind2="7">
    <subfield code="a">Orthographic drawings.</subfield>
    <subfield code="2">aat</subfield>
  </datafield>
  <datafield tag="691" ind1=" " ind2="0">
    <subfield code="a">Fresno (Calif.)</subfield>
  </datafield>
  <datafield tag="650" ind1=" " ind2="0">
    <subfield code="a">Architecture</subfield>
    <subfield code="z">United States</subfield>
    <subfield code="v">Designs and plans.</subfield>
  </datafield>
  <datafield tag="697" ind1="2" ind2="4">
    <subfield code="a">Howard F. Mundorff house (Fresno, Calif.)</subfield>
  </datafield>
  <datafield tag="700" ind1="1" ind2=" ">
    <subfield code="a">Greene, Charles Sumner,</subfield>
    <subfield code="d">1868-1957.</subfield>
  </datafield>
  <datafield tag="700" ind1="1" ind2=" ">
    <subfield code="a">Greene, Henry Mather,</subfield>
    <subfield code="d">1870-1954.</subfield>
  </datafield>
  <datafield tag="700" ind1="1" ind2=" ">
    <subfield code="a">Mundorff, Howard F.</subfield>
  </datafield>
  <datafield tag="755" ind1=" " ind2=" ">
    <subfield code="a">Pencil drawings.</subfield>
    <subfield code="2">aat</subfield>
  </datafield>
  <datafield tag="755" ind1=" " ind2=" ">
    <subfield code="a">Crayon drawings.</subfield>
    <subfield code="2">aat</subfield>
  </datafield>
  <datafield tag="755" ind1=" " ind2=" ">
    <subfield code="a">Ink drawings.</subfield>
    <subfield code="2">aat</subfield>
  </datafield>
  <datafield tag="755" ind1=" " ind2=" ">
    <subfield code="a">Ink wash drawings.</subfield>
    <subfield code="2">aat</subfield>
  </datafield>
  <datafield tag="799" ind1="4" ind2="3">
    <subfield code="a">The Greene &amp; Greene collection of architectural drawings.</subfield>
  </datafield>
  <datafield tag="789" ind1="0" ind2=" ">
    <subfield code="1">[1]</subfield>
    <subfield code="i">NYDA.1960.001.02740.</subfield>
    <subfield code="v">[AVERYimage].</subfield>
    <subfield code="t">[Rendering of] front elevation, proposed residence at Fresno, California, [job no.] 372 /</subfield>
    <subfield code="c">Greene &amp; Greene, Architects.</subfield>
    <subfield code="p">1 drawing : pencil and watercolor wash on tracing paper ; 20.3 x 50 cm. (8 x 19 3/4 in.).</subfield>
  </datafield>
  <datafield tag="789" ind1="0" ind2=" ">
    <subfield code="1">[2]</subfield>
    <subfield code="i">NYDA.1960.001.02741.</subfield>
    <subfield code="v">[AVERYimage].</subfield>
    <subfield code="t">F[ou]ndation plan ; shelving in store r[oom] -- elevation, sectio[n] :</subfield>
    <subfield code="n">Sheet no. 1.</subfield>
    <subfield code="o">"Note -- see sectional elevations and 1 1/2" scale details for wall sections".</subfield>
  </datafield>
  <datafield tag="789" ind1="0" ind2=" ">
    <subfield code="1">[3]</subfield>
    <subfield code="i">NYDA.1960.001.02742.</subfield>
    <subfield code="v">[AVERYimage].</subfield>
    <subfield code="t">[Flo]or plan :</subfield>
    <subfield code="n">[She]et no. 2.</subfield>
    <subfield code="o">"Note -- all doors unless otherwise marked to be 6'-10" high".</subfield>
  </datafield>
  <datafield tag="789" ind1="0" ind2=" ">
    <subfield code="1">[4]</subfield>
    <subfield code="i">NYDA.1960.001.02743.</subfield>
    <subfield code="v">[AVERYimage].</subfield>
    <subfield code="t">[Ro]of plan, [showing] soffit of cornice :</subfield>
    <subfield code="n">Sheet no. 3.</subfield>
    <subfield code="o">"Note -- panels marked "Sc." are screened with wire for ventilating roof space. These panels are centered over openings below".</subfield>
  </datafield>
  <datafield tag="789" ind1="0" ind2=" ">
    <subfield code="1">[5]</subfield>
    <subfield code="i">NYDA.1960.001.02744.</subfield>
    <subfield code="v">[AVERYimage].</subfield>
    <subfield code="t">South elevation ; east elevation :</subfield>
    <subfield code="n">[Sheet] no. 4.</subfield>
  </datafield>
  <datafield tag="789" ind1="0" ind2=" ">
    <subfield code="1">[6]</subfield>
    <subfield code="i">NYDA.1960.001.02745.</subfield>
    <subfield code="v">[AVERYimage].</subfield>
    <subfield code="t">North elevation ; sectional elevation [looking east] :</subfield>
    <subfield code="n">Sheet no. 5.</subfield>
  </datafield>
  <datafield tag="789" ind1="0" ind2=" ">
    <subfield code="1">[7]</subfield>
    <subfield code="i">NYDA.1960.001.02746.</subfield>
    <subfield code="v">[AVERYimage].</subfield>
    <subfield code="t">[Sketch of north elevation]</subfield>
  </datafield>
  <datafield tag="789" ind1="0" ind2=" ">
    <subfield code="1">[8]</subfield>
    <subfield code="i">NYDA.1960.001.02747.</subfield>
    <subfield code="v">[AVERYimage].</subfield>
    <subfield code="t">Sectional elevation looking west ; west elevation ; west elevation [of interior of] bedroom no. 1, [detail of] roof framing in wings :</subfield>
    <subfield code="S">he[et no. 6]</subfield>
  </datafield>
  <datafield tag="789" ind1="0" ind2=" ">
    <subfield code="1">[9]</subfield>
    <subfield code="i">NYDA.1960.001.02748.</subfield>
    <subfield code="v">[AVERYimage].</subfield>
    <subfield code="t">[Sketch of sectional elevation looking west, unidentified sketch]</subfield>
  </datafield>
  <datafield tag="789" ind1="0" ind2=" ">
    <subfield code="[">10]</subfield>
    <subfield code="i">NYDA.1960.001.02749.</subfield>
    <subfield code="v">[AVERYimage].</subfield>
    <subfield code="t">Details of cases -- west, north, cast, [and] south [elevations of] pantry ; kitchen -- section thru hood, section A-A, east [and] south [elevations], section [through] south elevation ; [elevation and section of medicine case in] bathrooms nos. 1 &amp; 2 ; [elevation of] linen case between maid's room and screen porch ; elevation [and] section [of] cases in sewing room :</subfield>
    <subfield code="n">[Sh]eet no. 7.</subfield>
  </datafield>
  <datafield tag="789" ind1="0" ind2=" ">
    <subfield code="1">[11]</subfield>
    <subfield code="i">NYDA.1960.001.02750.</subfield>
    <subfield code="v">[AVERYimage].</subfield>
    <subfield code="t">[Elevations of hall, unidentified elevation]</subfield>
  </datafield>
  <datafield tag="789" ind1="0" ind2=" ">
    <subfield code="1">[12]</subfield>
    <subfield code="i">NYDA.1960.001.02751.</subfield>
    <subfield code="v">[AVERYimage].</subfield>
    <subfield code="t">[Living room -- elevation, plan showing [placement of furniture]</subfield>
  </datafield>
  <datafield tag="789" ind1="0" ind2=" ">
    <subfield code="1">[13]</subfield>
    <subfield code="i">NYDA.1960.001.02752.</subfield>
    <subfield code="v">[AVERYimage].</subfield>
    <subfield code="t">1 1/2 inch scale details -- [sections and plans of walls, vents, floors, etc.] :</subfield>
    <subfield code="n">Sheet n. 8.</subfield>
  </datafield>
  <datafield tag="789" ind1="0" ind2=" ">
    <subfield code="1">[14]</subfield>
    <subfield code="i">NYDA.1960.001.02753.</subfield>
    <subfield code="v">[AVERYimage].</subfield>
    <subfield code="t">F[ull] s[ize] details of interior trim ; chimney details -- plan[s], section, [interior elevation], exterior elevation :</subfield>
    <subfield code="n">[Sheet] no. 9.</subfield>
  </datafield>
  <datafield tag="789" ind1="0" ind2=" ">
    <subfield code="1">[15]</subfield>
    <subfield code="i">NYDA.1960.001.02754.</subfield>
    <subfield code="v">[AVERYimage].</subfield>
    <subfield code="t">F.S. details of window frames -- casement windows, double hung windows :</subfield>
    <subfield code="n">Sheet no. 10.</subfield>
  </datafield>
  <datafield tag="789" ind1="0" ind2=" ">
    <subfield code="1">[16]</subfield>
    <subfield code="i">NYDA.1960.001.02755.</subfield>
    <subfield code="v">[AVERYimage].</subfield>
    <subfield code="t">F.S.D. of cornice and gutter :</subfield>
    <subfield code="n">Shee[t no.] 11.</subfield>
  </datafield>
  <datafield tag="789" ind1="0" ind2=" ">
    <subfield code="1">[17]</subfield>
    <subfield code="i">NYDA.1960.001.02756.</subfield>
    <subfield code="v">[AVERYimage].</subfield>
    <subfield code="t">Detail of columns and pilasters -- F.S.D. of porch columns, F.S.D. of pilasters at front entrance :</subfield>
    <subfield code="n">Sheet no. 12.</subfield>
    <subfield code="o">"See also blueprint sheet no. 8".</subfield>
  </datafield>
  <datafield tag="789" ind1="0" ind2=" ">
    <subfield code="1">[18]</subfield>
    <subfield code="i">NYDA.1960.001.02757.</subfield>
    <subfield code="v">[AVERYimage].</subfield>
    <subfield code="t">Metal work details -- plan of leader &amp; strap, [ha]lf elevation of head, F.S.D. of gutter (see also sheet no. 11), section :</subfield>
    <subfield code="n">Sheet no. 13.</subfield>
  </datafield>
  <datafield tag="789" ind1="0" ind2=" ">
    <subfield code="1">[19]</subfield>
    <subfield code="i">NYDA.1960.001.02758.</subfield>
    <subfield code="v">[AVERYimage].</subfield>
    <subfield code="t">F.S.D. of doors and medicine case -- [elevations], F.S. sect'n thru front door, F.S. [s]ect'n thru G.P. [do]ors, detail of medicine case :</subfield>
    <subfield code="n">Sheet no. 14.</subfield>
  </datafield>
  <datafield tag="789" ind1="0" ind2=" ">
    <subfield code="1">[20]</subfield>
    <subfield code="i">NYDA.1960.001.02759.</subfield>
    <subfield code="v">[AVERYimage].</subfield>
    <subfield code="t">[Plan elevations and section of indirect lighting fixtures using] E-65 X-ray reflector.</subfield>
  </datafield>
  <datafield tag="789" ind1="0" ind2=" ">
    <subfield code="1">[21]</subfield>
    <subfield code="i">NYDA.1960.001.02760.</subfield>
    <subfield code="v">[AVERYimage].</subfield>
    <subfield code="t">Living room -- plan of outlet boxes.</subfield>
  </datafield>
  <datafield tag="789" ind1="0" ind2=" ">
    <subfield code="1">[22]</subfield>
    <subfield code="i">NYDA.1960.001.02761.</subfield>
    <subfield code="v">[AVERYimage].</subfield>
    <subfield code="t">[Sketch of lamp]</subfield>
  </datafield>
  <datafield tag="789" ind1="0" ind2=" ">
    <subfield code="1">[23]</subfield>
    <subfield code="i">NYDA.1960.001.02762.</subfield>
    <subfield code="v">[AVERYimage].</subfield>
    <subfield code="t">[Sketches of indirect lighting fixtures]</subfield>
  </datafield>
  <datafield tag="789" ind1="0" ind2=" ">
    <subfield code="1">[24]</subfield>
    <subfield code="i">NYDA.1960.001.02763.</subfield>
    <subfield code="v">[AVERYimage].</subfield>
    <subfield code="t">[Detail drawings of moldings, elevation of living room wall with fireplace]</subfield>
  </datafield>
  <datafield tag="789" ind1="0" ind2=" ">
    <subfield code="1">[25]</subfield>
    <subfield code="i">NYDA.1960.001.02764.</subfield>
    <subfield code="v">[AVERYimage].</subfield>
    <subfield code="t">[G]arage -- west elevation, south elevation, east elevation, section[s through walls, p]lan, detail of sandbox :</subfield>
    <subfield code="n">Sheeet no. 1.</subfield>
  </datafield>
  <datafield tag="789" ind1="0" ind2=" ">
    <subfield code="1">[26]</subfield>
    <subfield code="i">NYDA.1960.001.02765.</subfield>
    <subfield code="v">[AVERYimage].</subfield>
    <subfield code="t">Pool -- [plan of pool and surrounding area], section, full size [detail] of cap :</subfield>
    <subfield code="n">Sheet no. 15.</subfield>
  </datafield>
  <datafield tag="789" ind1="0" ind2=" ">
    <subfield code="1">[27]</subfield>
    <subfield code="i">NYDA.1960.001.02766.</subfield>
    <subfield code="v">[AVERYimage].</subfield>
    <subfield code="t">Planting plan [of entire property, front and side elevations of] trellis.</subfield>
  </datafield>
  <datafield tag="900" ind1=" " ind2=" ">
    <subfield code="a">AUTH</subfield>
  </datafield>
</record>

</collection>